% This file was created with JabRef 2.10b2.
% Encoding: UTF-8

@Article{APROX,
  Author                   = {Graham, R. L},
  Journal                  = {SIAM Journal on Applied Mathematics},
  Year                     = {1969},
  Pages                    = {416 - 429},
  Volume                   = {17},
}
@Article{BELLMAN,
  Title 		   = {On the Theory of Dynamic Programming},
  Author                   = {Bellman, R.},
  Journal                  = {Proceeding of the National Academy of Sciences},
  Year                     = {1952},
  Pages                    = {716 - 719},
  Volume                   = {38},
}

@Book{NP,
  Title                    = {Computers and Intractability: A Guide to the Theory of NP-Completeness},
  Author                   = {Garey, M. R.; Johnson, D. S.},
  Publisher                = {W. H. Freeman and Company},
  ISBN			   = {0716710447},
  Owner                    = {bartek},
  Timestamp                = {2016.12.07}
}
@Misc{MPEG,
  Title                    = {Information Technology –
Multimedia content description interface – Part 3: Visual, Amendment 4:
Video signature tools},

  Author                   = {ISO/IEC 15938-3:2002/AMD 4},
  Year                     = {2010},

  Owner                    = {bartek},
  Timestamp                = {2016.12.10}
}

@Misc{GESTIX,
  Title                    = {Gesture interface device developed by Ben-Gurion University of the Negev},

  Author                   = {Ben-Gurion},
  Note                     = {[Dostęp: https://www.eurekalert.org/pub\_releases/2008-06/buot-gid061508.php]},
  Year                     = {2008},

  Owner                    = {bartek},
  Timestamp                = {2016.12.10}
}



@Article{IVC_Chiny,
  Title                    = {Hand gesture recognition using a real-time tracking method and hidden Markov models},
  Author                   = {Feng-Sheng Chen and Chih-Ming Fu and Chung-Lin Huang},
  Journal                  = {Image and Vision Computing},
  Year                     = {2003},

  Month                    = {1 August},
  Pages                    = {745 - 758},
  Volume                   = {21},

  Owner                    = {bartek},
  Timestamp                = {2016.11.23}
}

@Conference{IEEE_Chiny,
  Title                    = {A real-time hand gesture recognition method},
  Author                   = {Yikai Fang and Kongqiao Wang and Jian Cheng and and Hanqing Lu},
  Booktitle                = {2007 IEEE International Conference on Multimedia and Expo},
  Year                     = {2007},
  Pages                    = {995 - 998},

  Owner                    = {bartek},
  Timestamp                = {2016.11.23}
}
@Conference{AUTOENKODERY,
  Title                    = {Using Very Deep Autoencoders for Content-
Based Image Retrieval},
  Author                   = {A. Krizhevsky and G.E.Hinton},
  Booktitle                = {19th European Symposium on
Artificial Neural Networks},
  Year                     = {2011},

  Owner                    = {bartek},
  Timestamp                = {2016.11.23}
}
@Misc{MORPH,
  Title                    = {HYPERMEDIA IMAGE PROCESSING REFERENCE},

  Author                   = {Robert Fisher and Simon Perkins and Ashley Walker and Erik Wolfart},
  Note                     = {[Dostęp: http://homepages.inf.ed.ac.uk/rbf/HIPR2/morops.htm]},
  Year                     = {2003},

  Owner                    = {bartek},
  Timestamp                = {2016.12.10}
}
@Article{TECHNIKI,
  Title                    = {Image Retrieval: Current Techniques,
Promising Directions, and Open Issues},
  Author                   = {Y. Rui and T. S. Huang and S. Chang},
  Journal                  = {Journal of Visual Communication
and Image Representation},
  Year                     = {1999},

  Month                    = {1 March},
  Pages                    = {39 - 62},
  Volume                   = {10},

  Owner                    = {bartek},
  Timestamp                = {2016.11.23}
}
@Article{SHAPE,
  Title                    = {MPEG-7 visual shape descriptors},
  Author                   = {M. Bober},
  Journal                  = {JIEEE Transactions on
Circuits and Systems for Video Technology},
  Year                     = {2001},

  Pages                    = {716 - 719},
  Volume                   = {11},

  Owner                    = {bartek},
  Timestamp                = {2016.11.23}
}
@Article{TEXTURE,
  Title                    = {The MPEG-7 visual standard for content description  an overview},
  Author                   = {T. Sikora},
  Journal                  = {IEEE Transactions on
Circuits and Systems for Video Technology},
  Year                     = {2001},

  Pages                    = {696 - 702},
  Volume                   = {11},

  Owner                    = {bartek},
  Timestamp                = {2016.11.23}
}

@Article{TEXTURE2,
  Title                    = {Texture
Descriptors in MPEG-7},
  Author                   = {Peng Wu and Yong Man Ro and Chee Sun Won and Yanglim Choi},
  Journal                  = {CAIP 2001: Computer Analysis of Images and
Patterns},

  Pages                    = {21 - 28},

  Owner                    = {bartek},
  Timestamp                = {2016.11.23}
}


@Misc{GOOGLE,
  Author                   = {S. Gendler},
  Title			   = { Odpowiedź na pytanie “How does Google image search
engine work?” }
  Note                     = {[Dostęp: https://www.quora.com/How-does-Google-
image-search-engine-work]},
  Year                     = {2016},

  Owner                    = {bartek},
  Timestamp                = {2016.12.10}
}

@Misc{GOOGLE2,
  Author                   = {Sai Kiran},
  Title			   = { Odpowiedź na pytanie: "What is the algorithm used by
Google's reverse image search (i.e. search by image)?"}
  Note                     = {[Dostęp: https://www.quora.com/What-is-the-algorithm-used-by-Googles-reverse-
image-search-i-e-search-by-image]},
  Year                     = {2012},

  Owner                    = {bartek},
  Timestamp                = {2016.12.10}
}


@Article{SIFT,
  Title                    = {Distinctive Image Features from Scale-Invariant Keypoints},
  Author                   = {D. G. Lowe},
  Journal                  = {International Journal of Computer Vision},
  Year                     = {2004},
  Month                    = {November},
  Pages                    = {91 - 110},
  Volume                   = {60},

  Owner                    = {bartek},
  Timestamp                = {2016.11.23}
}



@Misc{RGB,
  Author                   = {Michael Horvath},
  Note                     = {[Dostęp: http://isometricland.net/artwork/artwork.php]},
  Year                     = {2008},

  Owner                    = {bartek},
  Timestamp                = {2016.12.10}
}

@Conference{IEEE_Turcja,
  Title                    = {A Fast Algorithm for Vision-Based Hand Gesture Recognition for Robot Control},
  Author                   = {Asanterabi Malima and Erol Özgür and Müjdat Çetin},
  Booktitle                = {Signal Processing and Communications Applications},
  Year                     = {2006},

  Owner                    = {bartek},
  Timestamp                = {2016.11.23}
}

@Article{ELCV_Hiszpania,
  Title                    = {Hand Tracking and Gesture Recognition for Human-Computer Interaction},
  Author                   = {Cristina Manresa and Javier Varona and Ramon Mas and Francisco J. Perales},
  Journal                  = {Electronic Letters on Computer Vision and Image Analysis},
  Year                     = {2005},
  Number                   = {3},
  Pages                    = {96 - 104},
  Volume                   = {5},

  Owner                    = {bartek},
  Timestamp                = {2016.11.23}
}

@Article{IJC_Indie,
  Title                    = {Static Hand Gesture Recognition for Sign Language Alphabets using Edge Oriented Histogram and Multi Class SVM},
  Author                   = {Nagarajan, S and Subashini, T S.},
  Journal                  = {International Journal of Computer Applications},
  Year                     = {2013},
  Number                   = {4},
  Volume                   = {82},

  Owner                    = {bartek},
  Timestamp                = {2016.11.23}
}

@Misc{CVMORPH,
  Title                    = {OpenCV 2.4.13.1 documentation},

  Author                   = {opencv dev team},
  Note                     = {[Dostęp: http://docs.opencv.org/2.4/doc/tutorials/imgproc/erosion\_dilatation/erosion\_dilatation.html]},

  Owner                    = {bartek},
  Timestamp                = {2016.12.10}
}

@Article{SCIKIT_LEARN,
  Title                    = {Scikit-learn: Machine Learning in {P}ython},
  Author                   = {Pedregosa, F. and Varoquaux, G. and Gramfort, A. and Michel, V. and Thirion, B. and Grisel, O. and Blondel, M. and Prettenhofer, P. and Weiss, R. and Dubourg, V. and Vanderplas, J. and Passos, A. and Cournapeau, D. and Brucher, M. and Perrot, M. and Duchesnay, E.},
  Journal                  = {Journal of Machine Learning Research},
  Year                     = {2011},
  Note                     = {Dostęp [http://scikit-learn.org/]},
  Pages                    = {2825--2830},
  Volume                   = {12}
}

@Article{HAND,
  Title                    = {Vision based hand gesture recognition for human computer interaction: a survey.},
  Author                   = {S. Rautaray and A. Agrawal},
  Journal                  = {Artificial Intelligence},
  Year                     = {2013},

  Owner                    = {bartek},
  Timestamp                = {2016.12.07}
}

@Book{IMG_PROC,
  Title                    = {Komputerowa analiza i przetwarzanie obrazów},
  Author                   = {Ryszard Tadeusiewicz and Przemysław Korohoda},
  Publisher                = {Wydawnictwo Fundacji Postępu Telekomunikacji},
  Year                     = {1997},

  Owner                    = {bartek},
  Timestamp                = {2016.11.27}
}

@Article{IEEE_TIP,
  Title                    = {Shape-Based Hand Recognition},
  Author                   = {Erdem Yörük and Ender Konukoglu and Bülent Sankur and Jérôme Darbon},
  Journal                  = {IEEE Transactions on Image Processing},
  Year                     = {2006},

  Month                    = {July},
  Number                   = {7},
  Pages                    = {1803 - 1815},
  Volume                   = {15},

  Owner                    = {bartek},
  Timestamp                = {2016.11.23}
}

@Misc{HSV,
  Title                    = {HSB/HSV und HSL-Farbmodell},
  Note                     = {[Dostęp: http://wisotop.de/hsv-und-hsl-farbmodell.php]},
  Year                     = {2012},

  Owner                    = {bartek},
  Timestamp                = {2016.12.10}
}

